<?xml version="1.0" encoding="UTF-8"?><collection xmlns="http://www.loc.gov/MARC21/slim"><record><leader>00334nam--2200121-i-4500</leader><controlfield tag="001">000049597</controlfield><controlfield tag="002">20161230</controlfield><controlfield tag="005">20161230201047</controlfield><controlfield tag="008">060222s1000------------r-----000-0-eng-d</controlfield><datafield ind1=" " ind2=" " tag="080"><subfield code="a">669</subfield></datafield><datafield ind1=" " ind2=" " tag="100"><subfield code="a">Albom Tipovyh Tehnologicheskih Kart Elektroiskrovogo Uprochnenii Instrumentov I Shtampov</subfield></datafield><datafield ind1=" " ind2=" " tag="245"><subfield code="a">Leningrad, 1952. 42 s</subfield></datafield><datafield ind1=" " ind2=" " tag="852"><subfield code="a">26785</subfield></datafield></record></collection>